@misc{StricklandCGWH,
  author = {Strickland, Neil},
  title = {The category of {CGWH} spaces},
  year = {2009},
  howpublished = {\url{http://math.mit.edu/~hrm/18.906/strickland-category-cgwh.pdf}},
}

@BOOK {MayConcise,
    author    = "{May}, P.",
    title     = "{A Concise Course in Algebraic Topology}",
    publisher = "University of Chicago Press",
    year      = "1999",
    series    = "Chicago Lectures in Mathematics"
}

@BOOK {hatcher,
    author    = "{Hatcher}, A.",
    publisher = "Cambridge University Press",
    title = "Algebraic Topology",
    year      = "2015"
}

@BOOK {milnorstasheff,
    author    = "{Milnor}, J. and {Stasheff}, J.",
    title     = "Characteristic Classes",
    publisher = "Princeton University Press and University of Tokyo Press",
    year      = "1974"
}

@BOOK {bredon,
    author = "{Bredon}, G.",
    title = "Algebraic topology",
    publisher = "fill this in",
    year = "idk"
}
